<?xml version="1.0" encoding="UTF-8"?>
<record>
  <leader>01500nas a2200409#c 4500</leader>
  <controlfield tag="003">DE-605</controlfield>
  <controlfield tag="005">20260312145527.0</controlfield>
  <controlfield tag="007">cr||||||||||||</controlfield>
  <controlfield tag="008">260225c20209999xxkt||p|o ||| 0||||1eng c</controlfield>
  <controlfield tag="001">99376632439906441</controlfield>
  <datafield tag="016" ind1="7" ind2=" ">
    <subfield code="a">3236182-8</subfield>
    <subfield code="2">DE-600</subfield>
  </datafield>
  <datafield tag="016" ind1="7" ind2=" ">
    <subfield code="a">1391254155</subfield>
    <subfield code="2">DE-101</subfield>
  </datafield>
  <datafield tag="035" ind1=" " ind2=" ">
    <subfield code="a">(DE-600)3236182-8</subfield>
  </datafield>
  <datafield tag="040" ind1=" " ind2=" ">
    <subfield code="a">0206</subfield>
    <subfield code="b">ger</subfield>
    <subfield code="c">DE-600</subfield>
    <subfield code="d">6999</subfield>
    <subfield code="e">rda</subfield>
  </datafield>
  <datafield tag="041" ind1=" " ind2=" ">
    <subfield code="a">eng</subfield>
  </datafield>
  <datafield tag="044" ind1=" " ind2=" ">
    <subfield code="c">XA-GB</subfield>
  </datafield>
  <datafield tag="084" ind1=" " ind2=" ">
    <subfield code="a">330</subfield>
    <subfield code="q">DE-600</subfield>
    <subfield code="2">sdnb</subfield>
  </datafield>
  <datafield tag="245" ind1="0" ind2="0">
    <subfield code="a">Regional economic prospects</subfield>
    <subfield code="c">European Bank for Reconstruction and Development</subfield>
  </datafield>
  <datafield tag="246" ind1="1" ind2=" ">
    <subfield code="i">Abweichender Titel</subfield>
    <subfield code="a">Regional economic prospects in the EBRD regions</subfield>
  </datafield>
  <datafield tag="246" ind1="1" ind2=" ">
    <subfield code="i">Abweichender Titel</subfield>
    <subfield code="a">REP</subfield>
  </datafield>
  <datafield tag="264" ind1="3" ind2="1">
    <subfield code="a">London, United Kingdom</subfield>
    <subfield code="b">European Bank of Reconstruction and Development</subfield>
    <subfield code="c">[2020]-</subfield>
  </datafield>
  <datafield tag="300" ind1=" " ind2=" ">
    <subfield code="a">Online-Ressource</subfield>
  </datafield>
  <datafield tag="336" ind1=" " ind2=" ">
    <subfield code="b">txt</subfield>
  </datafield>
  <datafield tag="337" ind1=" " ind2=" ">
    <subfield code="b">c</subfield>
  </datafield>
  <datafield tag="338" ind1=" " ind2=" ">
    <subfield code="b">cr</subfield>
  </datafield>
  <datafield tag="362" ind1="0" ind2=" ">
    <subfield code="a">April 2020-</subfield>
  </datafield>
  <datafield tag="363" ind1="0" ind2="1">
    <subfield code="8">1.1\x</subfield>
    <subfield code="j">4</subfield>
    <subfield code="i">2020</subfield>
  </datafield>
  <datafield tag="035" ind1=" " ind2=" ">
    <subfield code="a">(DE-599)ZDB3236182-8</subfield>
  </datafield>
  <datafield tag="035" ind1=" " ind2=" ">
    <subfield code="a">(OCoLC)1576242475</subfield>
  </datafield>
  <datafield tag="035" ind1=" " ind2=" ">
    <subfield code="a">oai:dnb.de/zdb/1391254155</subfield>
  </datafield>
  <datafield tag="035" ind1=" " ind2=" ">
    <subfield code="a">(DE-101)1391254155</subfield>
  </datafield>
  <datafield tag="856" ind1="4" ind2=" ">
    <subfield code="u">https://www.ebrd.com/home/what-we-do/office-of-the-chief-economist.html#customtab-6301568741-item-1af860d69f-tab</subfield>
    <subfield code="x">Verlag</subfield>
    <subfield code="z">kostenfrei</subfield>
  </datafield>
  <datafield tag="856" ind1="4" ind2=" ">
    <subfield code="u">https://ezb.ur.de/?3236182-8</subfield>
    <subfield code="x">EZB</subfield>
  </datafield>
  <datafield tag="710" ind1="2" ind2=" ">
    <subfield code="a">European Bank for Reconstruction and Development</subfield>
    <subfield code="0">(DE-588)5096423-9</subfield>
    <subfield code="4">isb</subfield>
    <subfield code="0">https://d-nb.info/gnd/940274450</subfield>
    <subfield code="0">http://viaf.org/viaf/140176484</subfield>
    <subfield code="B">GND-940274450</subfield>
  </datafield>
  <datafield tag="780" ind1="0" ind2="0">
    <subfield code="i">Fortsetzung von</subfield>
    <subfield code="t">Regional economic prospects in EBRD countries of operations</subfield>
  </datafield>
  <datafield tag="655" ind1=" " ind2="7">
    <subfield code="a">Zeitschrift</subfield>
    <subfield code="0">(DE-588)4067488-5</subfield>
    <subfield code="2">gnd-content</subfield>
  </datafield>
  <datafield tag="500" ind1=" " ind2=" ">
    <subfield code="a">Gesehen am 25.002.2026</subfield>
  </datafield>
  <datafield tag="MBD" ind1=" " ind2=" ">
    <subfield code="M">49HBZ_NETWORK</subfield>
    <subfield code="i">99376632439906441</subfield>
    <subfield code="n">HBZ Network</subfield>
  </datafield>
  <datafield tag="MNG" ind1=" " ind2=" ">
    <subfield code="c">System</subfield>
    <subfield code="f">OTHER</subfield>
    <subfield code="i">marc21</subfield>
    <subfield code="h">20260312145527.0</subfield>
    <subfield code="l">61</subfield>
    <subfield code="k">01</subfield>
    <subfield code="e">false</subfield>
    <subfield code="d">2026-03-13 00:30:48 Europe/Berlin</subfield>
    <subfield code="g">1391254155</subfield>
    <subfield code="j">90</subfield>
    <subfield code="a">System</subfield>
    <subfield code="b">2026-02-25 09:00:34 Europe/Berlin</subfield>
  </datafield>
  <datafield tag="GKT" ind1="2" ind2=" ">
    <subfield code="a">EBWE</subfield>
    <subfield code="4">abku</subfield>
    <subfield code="i">Abkuerzung</subfield>
    <subfield code="A">GND</subfield>
    <subfield code="B">GND-940274450</subfield>
    <subfield code="C">410</subfield>
  </datafield>
  <datafield tag="GKT" ind1="2" ind2=" ">
    <subfield code="a">Banque Européenne pour la Reconstruction et le Développement</subfield>
    <subfield code="A">GND</subfield>
    <subfield code="B">GND-940274450</subfield>
    <subfield code="C">410</subfield>
  </datafield>
  <datafield tag="GKT" ind1="2" ind2=" ">
    <subfield code="a">BERD</subfield>
    <subfield code="4">abku</subfield>
    <subfield code="i">Abkuerzung</subfield>
    <subfield code="A">GND</subfield>
    <subfield code="B">GND-940274450</subfield>
    <subfield code="C">410</subfield>
  </datafield>
  <datafield tag="GKT" ind1="2" ind2=" ">
    <subfield code="a">Osteuropabank</subfield>
    <subfield code="A">GND</subfield>
    <subfield code="B">GND-940274450</subfield>
    <subfield code="C">410</subfield>
  </datafield>
  <datafield tag="GKT" ind1="2" ind2=" ">
    <subfield code="a">EBRD</subfield>
    <subfield code="4">abku</subfield>
    <subfield code="i">Abkuerzung</subfield>
    <subfield code="A">GND</subfield>
    <subfield code="B">GND-940274450</subfield>
    <subfield code="C">410</subfield>
  </datafield>
  <datafield tag="GKT" ind1="2" ind2=" ">
    <subfield code="a">Europäische Bank für Wiederaufbau und Entwicklung</subfield>
    <subfield code="A">GND</subfield>
    <subfield code="B">GND-940274450</subfield>
    <subfield code="C">410</subfield>
  </datafield>
  <datafield tag="GKT" ind1="2" ind2=" ">
    <subfield code="a">European Bank</subfield>
    <subfield code="A">GND</subfield>
    <subfield code="B">GND-940274450</subfield>
    <subfield code="C">410</subfield>
  </datafield>
  <datafield tag="GKT" ind1="2" ind2=" ">
    <subfield code="a">EBRD</subfield>
    <subfield code="g">European Bank for Reconstruction and Development</subfield>
    <subfield code="A">GND</subfield>
    <subfield code="B">GND-940274450</subfield>
    <subfield code="C">410</subfield>
  </datafield>
  <datafield tag="GKT" ind1="2" ind2=" ">
    <subfield code="a">EBWE</subfield>
    <subfield code="g">Europäische Bank für Wiederaufbau und Entwicklung</subfield>
    <subfield code="A">GND</subfield>
    <subfield code="B">GND-940274450</subfield>
    <subfield code="C">410</subfield>
  </datafield>
  <datafield tag="GKT" ind1="2" ind2=" ">
    <subfield code="a">Banque européenne pour la reconstruction et le développement</subfield>
    <subfield code="A">GND</subfield>
    <subfield code="B">GND-940274450</subfield>
    <subfield code="C">410</subfield>
  </datafield>
  <datafield tag="GKT" ind1="2" ind2=" ">
    <subfield code="a">Banco Europeo de Reconstruccion y Desarrollo</subfield>
    <subfield code="A">GND</subfield>
    <subfield code="B">GND-940274450</subfield>
    <subfield code="C">410</subfield>
  </datafield>
  <datafield tag="GKT" ind1="2" ind2=" ">
    <subfield code="a">Ōshū Fukkō Kaihatsu Ginkō</subfield>
    <subfield code="A">GND</subfield>
    <subfield code="B">GND-940274450</subfield>
    <subfield code="C">410</subfield>
  </datafield>
  <datafield tag="GKT" ind1="2" ind2=" ">
    <subfield code="a">Evropejskij bank rekonstrukcii i razvitija</subfield>
    <subfield code="A">GND</subfield>
    <subfield code="B">GND-940274450</subfield>
    <subfield code="C">410</subfield>
  </datafield>
  <datafield tag="GKT" ind1="2" ind2=" ">
    <subfield code="a">Evropeĭskiĭ bank rekonstrukt͡sii i razvitii͡a</subfield>
    <subfield code="A">GND</subfield>
    <subfield code="B">GND-940274450</subfield>
    <subfield code="C">410</subfield>
  </datafield>
  <datafield tag="GKT" ind1="2" ind2=" ">
    <subfield code="a">Evropejsʹkyj bank rekonstrukciï i rozvytku</subfield>
    <subfield code="A">GND</subfield>
    <subfield code="B">GND-940274450</subfield>
    <subfield code="C">410</subfield>
  </datafield>
  <datafield tag="GKT" ind1="2" ind2=" ">
    <subfield code="a">I͡Evropeĭsʹkyĭ bank rekonstrukt͡siï i rozvytku</subfield>
    <subfield code="A">GND</subfield>
    <subfield code="B">GND-940274450</subfield>
    <subfield code="C">410</subfield>
  </datafield>
  <datafield tag="GSI" ind1="7" ind2=" ">
    <subfield code="a">5096423-9</subfield>
    <subfield code="0">http://d-nb.info/gnd/5096423-9</subfield>
    <subfield code="2">gnd</subfield>
    <subfield code="A">GND</subfield>
    <subfield code="B">GND-940274450</subfield>
    <subfield code="C">024</subfield>
  </datafield>
</record>
